<record><leader>00000cas a2200000 a 4500</leader><controlfield tag="001">9939554</controlfield><controlfield tag="008">830923c19699999waudr ne      0   a0eng d</controlfield><datafield ind1=" " ind2=" " tag="010"><subfield code="a">sn 83002714 </subfield></datafield><datafield ind1=" " ind2=" " tag="040"><subfield code="a">NSD</subfield><subfield code="b">eng</subfield><subfield code="c">NSD</subfield><subfield code="d">SLZ</subfield><subfield code="d">OCL</subfield><subfield code="d">OCLCQ</subfield><subfield code="d">WRJ</subfield><subfield code="d">OCLCF</subfield><subfield code="d">OCLCO</subfield></datafield><datafield ind1=" " ind2=" " tag="012"><subfield code="l">1</subfield></datafield><datafield ind1="1" ind2=" " tag="022"><subfield code="a">0740-3135</subfield><subfield code="l">0740-3135</subfield><subfield code="2">1</subfield></datafield><datafield ind1="1" ind2=" " tag="029"><subfield code="a">AU@</subfield><subfield code="b">000020274691</subfield></datafield><datafield ind1=" " ind2=" " tag="037"><subfield code="b">Daily World, P.O. Box 169, Aberdeen, WA 98520</subfield></datafield><datafield ind1=" " ind2=" " tag="042"><subfield code="a">nsdp</subfield><subfield code="a">msc</subfield></datafield><datafield ind1=" " ind2=" " tag="043"><subfield code="a">n-us-wa</subfield></datafield><datafield ind1="0" ind2=" " tag="130"><subfield code="a">Daily world (Aberdeen, Wash.)</subfield></datafield><datafield ind1=" " ind2="4" tag="222"><subfield code="a">The Daily world</subfield><subfield code="b">(Aberdeen, Wash.)</subfield></datafield><datafield ind1="0" ind2="4" tag="245"><subfield code="a">The Daily world.</subfield></datafield><datafield ind1=" " ind2=" " tag="260"><subfield code="a">[Aberdeen, Wash. :</subfield><subfield code="b">Daily World</subfield></datafield><datafield ind1=" " ind2=" " tag="300"><subfield code="a">v.</subfield></datafield><datafield ind1=" " ind2=" " tag="310"><subfield code="a">Daily</subfield></datafield><datafield ind1="0" ind2=" " tag="362"><subfield code="a">80th year, no. 182 (Mar. 2, 1969)-</subfield></datafield><datafield ind1=" " ind2="0" tag="651"><subfield code="a">Aberdeen (Wash.)</subfield><subfield code="v">Newspapers.</subfield></datafield><datafield ind1=" " ind2="7" tag="655"><subfield code="a">Newspapers.</subfield><subfield code="2">fast</subfield><subfield code="0">(OCoLC)fst01423814</subfield></datafield><datafield ind1=" " ind2="7" tag="651"><subfield code="a">Washington (State)</subfield><subfield code="z">Aberdeen.</subfield><subfield code="2">fast</subfield><subfield code="0">(OCoLC)fst01227407</subfield></datafield><datafield ind1=" " ind2=" " tag="752"><subfield code="a">United States</subfield><subfield code="b">Washington</subfield><subfield code="c">Grays Harbor</subfield><subfield code="d">Aberdeen.</subfield></datafield><datafield ind1="0" ind2="0" tag="780"><subfield code="t">Aberdeen daily world</subfield><subfield code="w">(DLC)sn 87093224</subfield></datafield><datafield ind1=" " ind2=" " tag="936"><subfield code="a">Aug. 24, 1983</subfield></datafield></record>